@article{Harten1983,
  doi = {10.1016/0021-9991(83)90136-5},
  url = {https://doi.org/10.1016/0021-9991(83)90136-5},
  year = {1983},
  month = mar,
  publisher = {Elsevier {BV}},
  volume = {49},
  number = {3},
  pages = {357--393},
  author = {Ami Harten},
  title = {High resolution schemes for hyperbolic conservation laws},
  journal = {Journal of Computational Physics}
}

@article{Hornik1989,
  year  = {1989},
  publisher = {Pergamon Press},
  volume = {2},
  pages = {359--366},
  author = {K. Hornik and M. Stinchcombe and H. White},
  title = {Multilayer feedforward networks are universal approximators},
  journal = {Neural Networks}
}

@article{Lagaris1998,
  doi = {10.1109/72.712178},
  url = {https://doi.org/10.1109/72.712178},
  year  = {1998},
  publisher = {Institute of Electrical and Electronics Engineers ({IEEE})},
  volume = {9},
  number = {5},
  pages = {987--1000},
  author = {I.E. Lagaris and A. Likas and D.I. Fotiadis},
  title = {Artificial neural networks for solving ordinary and partial differential equations},
  journal = {{IEEE} Transactions on Neural Networks}
}

@article{Lax1960,
  doi = {10.1002/cpa.3160130205},
  url = {https://doi.org/10.1002/cpa.3160130205},
  year = {1960},
  month = may,
  publisher = {Wiley},
  volume = {13},
  number = {2},
  pages = {217--237},
  author = {Peter Lax and Burton Wendroff},
  title = {Systems of conservation laws},
  journal = {Communications on Pure and Applied Mathematics}
}

@article{McCulloch1943,
  year  = {1943},
  publisher = {Springer-Verlag},
  volume = {5},
  pages = {115--133},
  author = {Warren S. McCulloch and Walter Pitts},
  title = {A Logical Calculus of the Ideas Immanent in Nervous Activity},
  journal = {Bulletin of Mathematical Biophysics}
}

@article{Raissi2019,
  doi = {10.1016/j.jcp.2018.10.045},
  url = {https://doi.org/10.1016/j.jcp.2018.10.045},
  year = {2019},
  month = feb,
  publisher = {Elsevier {BV}},
  volume = {378},
  pages = {686--707},
  author = {M. Raissi and P. Perdikaris and G.E. Karniadakis},
  title = {Physics-informed neural networks: A deep learning framework for solving forward and inverse problems involving nonlinear partial differential equations},
  journal = {Journal of Computational Physics}
}

@book{Arfken2011,
  year = {2011},
  publisher = {Elsevier},
  author = {George B. Arfken and Hans J. Weber and Frank E. Harris},
  title = {Mathematical Methods for Physicists: A Comprehensive Guide 7e}
}

@book{Chen2016,
  doi = {10.1007/978-3-319-22309-4},
  url = {https://doi.org/10.1007/978-3-319-22309-4},
  year = {2016},
  publisher = {Springer International Publishing},
  author = {Francis F. Chen},
  title = {Introduction to Plasma Physics and Controlled Fusion}
}

@book{Griffiths2017,
  year = {2017},
  publisher = {Cambridge University Press},
  author = {David J. Griffiths},
  title = {Introduction to Electrodynamics 4e}
}

@book{Goedbloed2019,
  doi = {10.1017/9781316403679},
  url = {https://doi.org/10.1017/9781316403679},
  year = {2019},
  month = jan,
  publisher = {Cambridge University Press},
  author = {Hans Goedbloed and Rony Keppens and Stefaan Poedts},
  title = {Magnetohydrodynamics of Laboratory and Astrophysical Plasmas}
}
